@misc{chamizo02,
    title = {Álgebra I. Primer curso de Ingeniería Informática},
    author = {F. Chamizo},
    year = {2002},
    howpublished = {\url{matematicas.uam.es/~fernando.chamizo/libreria/fich/APalgebraIinf96.pdf}}
}
