@booklet{jperez,
    title        = "Cálculo diferencial e integral de funciones de una variable",
    author       = "F. J. Pérez González",
    howpublished = "\url{http://www.ugr.es/~fjperez/textos/calculo_diferencial_integral_func_una_var.pdf}"
}

@book{spivak,
    title = "Calculus",
    author = "M. Spivak",
    year = 1994,
    edition = 2,
    publisher = "Editorial Reverté"
}
